
  <record>
    <leader>15945cpcaa2201621   4500</leader>
    <controlfield tag="001">a4332640</controlfield>
    <controlfield tag="003">SIRSI</controlfield>
    <controlfield tag="008">000113q19201983cau                 eng d</controlfield>
    <datafield tag="035" ind1=" " ind2=" ">
      <subfield code="a">(OCoLC-M)462159260</subfield>
    </datafield>
    <datafield tag="035" ind1=" " ind2=" ">
      <subfield code="a">(OCoLC-I)465842286</subfield>
    </datafield>
    <datafield tag="040" ind1=" " ind2=" ">
      <subfield code="a">CSt</subfield>
      <subfield code="c">CSt</subfield>
      <subfield code="e">dacs</subfield>
    </datafield>
    <datafield tag="090" ind1=" " ind2=" ">
      <subfield code="b">M1090</subfield>
      <subfield code="i">10/30/01 T</subfield>
      <subfield code="h">04/04/01 T</subfield>
      <subfield code="h">03/27/01 T</subfield>
      <subfield code="h">01/13/00 CT</subfield>
    </datafield>
    <datafield tag="100" ind1="1" ind2=" ">
      <subfield code="a">Fuller, R. Buckminster</subfield>
      <subfield code="q">(Richard Buckminster),</subfield>
      <subfield code="d">1895-1983.</subfield>
    </datafield>
    <datafield tag="245" ind1="1" ind2="0">
      <subfield code="a">Buckminster Fuller papers,</subfield>
      <subfield code="f">circa 1920-1983.</subfield>
    </datafield>
    <datafield tag="300" ind1=" " ind2=" ">
      <subfield code="a">circa 1400 linear feet</subfield>
    </datafield>
    <datafield tag="500" ind1=" " ind2=" ">
      <subfield code="a">Containers are numbered consecutively within series.</subfield>
    </datafield>
    <datafield tag="506" ind1=" " ind2=" ">
      <subfield code="a">Open for research; material must be requested at least 36 hours in advance of intended use. The original Dymaxion Transport drawings and blueprints in series 16, subseries 6 (map folder 114) and subseries 23 (map folders 81-107) are CLOSED; researchers should page USE COPIES. Some items may be closed for conservation treatment.  For series 19, except for the models listed below, all models are CLOSED for viewing.</subfield>
    </datafield>
    <datafield tag="520" ind1=" " ind2=" ">
      <subfield code="a">Includes correspondence, manuscripts, blueprints, photographs, videotapes, etc.</subfield>
    </datafield>
    <datafield tag="541" ind1=" " ind2=" ">
      <subfield code="c">Purchased,</subfield>
      <subfield code="d">1999.</subfield>
    </datafield>
    <datafield tag="596" ind1=" " ind2=" ">
      <subfield code="a">21</subfield>
    </datafield>
    <datafield tag="600" ind1="1" ind2="0">
      <subfield code="a">Cunningham, Merce.</subfield>
    </datafield>
    <datafield tag="600" ind1="1" ind2="0">
      <subfield code="a">Everson, William,</subfield>
      <subfield code="d">1912-1994.</subfield>
    </datafield>
    <datafield tag="600" ind1="1" ind2="0">
      <subfield code="a">Noguchi, Isamu,</subfield>
      <subfield code="d">1904-1988.</subfield>
    </datafield>
    <datafield tag="600" ind1="1" ind2="0">
      <subfield code="a">Sadao, Shoji</subfield>
    </datafield>
    <datafield tag="650" ind1=" " ind2="0">
      <subfield code="a">Architecture, Modern</subfield>
      <subfield code="y">20th century</subfield>
      <subfield code="z">United States.</subfield>
    </datafield>
    <datafield tag="852" ind1=" " ind2=" ">
      <subfield code="a">Department of Special Collections, Stanford University Libraries, Stanford, CA  94305</subfield>
    </datafield>
    <datafield tag="856" ind1="4" ind2="2">
      <subfield code="3">Finding aid available online</subfield>
      <subfield code="u">http://www-sul.stanford.edu/depts/spc/xml/m1090.xml</subfield>
      <subfield code="z">Requires Internet Explorer 6.0 or higher.</subfield>
    </datafield>
    <datafield tag="856" ind1="4" ind2="2">
      <subfield code="3">Finding aid available online</subfield>
      <subfield code="u">http://www.oac.cdlib.org/findaid/ark:/13030/tf109n9832</subfield>
    </datafield>
    <datafield tag="999" ind1=" " ind2=" ">
      <subfield code="a">M1090 SERIES 16 SMALL MAP FOLDER 72.10</subfield>
      <subfield code="w">ALPHANUM</subfield>
      <subfield code="c">1</subfield>
      <subfield code="i">36105115689932</subfield>
      <subfield code="d">12/6/2007</subfield>
      <subfield code="l">MSS-30</subfield>
      <subfield code="m">SPEC-COLL</subfield>
      <subfield code="r">Y</subfield>
      <subfield code="s">Y</subfield>
      <subfield code="t">NONCIRC</subfield>
      <subfield code="u">5/21/2007</subfield>
    </datafield>
    <datafield tag="999" ind1=" " ind2=" ">
      <subfield code="a">M1090 SERIES 16 SMALL MAP FOLDER 72.11</subfield>
      <subfield code="w">ALPHANUM</subfield>
      <subfield code="c">1</subfield>
      <subfield code="i">36105115689940</subfield>
      <subfield code="l">MSS-30</subfield>
      <subfield code="m">SPEC-COLL</subfield>
      <subfield code="r">Y</subfield>
      <subfield code="s">Y</subfield>
      <subfield code="t">NONCIRC</subfield>
      <subfield code="u">5/21/2007</subfield>
    </datafield>
    <datafield tag="999" ind1=" " ind2=" ">
      <subfield code="a">M1090 SERIES 16 SMALL MAP FOLDER 72.13</subfield>
      <subfield code="w">ALPHANUM</subfield>
      <subfield code="c">1</subfield>
      <subfield code="i">36105115689957</subfield>
      <subfield code="l">MSS-30</subfield>
      <subfield code="m">SPEC-COLL</subfield>
      <subfield code="r">Y</subfield>
      <subfield code="s">Y</subfield>
      <subfield code="t">NONCIRC</subfield>
      <subfield code="u">5/21/2007</subfield>
    </datafield>
    <datafield tag="999" ind1=" " ind2=" ">
      <subfield code="a">M1090 SERIES 16 SMALL MAP FOLDER 274.2</subfield>
      <subfield code="w">ALPHANUM</subfield>
      <subfield code="c">1</subfield>
      <subfield code="i">36105115689965</subfield>
      <subfield code="d">2/27/2008</subfield>
      <subfield code="l">MSS-30</subfield>
      <subfield code="m">SPEC-COLL</subfield>
      <subfield code="r">Y</subfield>
      <subfield code="s">Y</subfield>
      <subfield code="t">NONCIRC</subfield>
      <subfield code="u">5/21/2007</subfield>
    </datafield>
    <datafield tag="999" ind1=" " ind2=" ">
      <subfield code="a">M1090 SERIES 16 SMALL MAP FOLDER 240.7</subfield>
      <subfield code="w">ALPHANUM</subfield>
      <subfield code="c">1</subfield>
      <subfield code="i">36105115689973</subfield>
      <subfield code="l">MSS-30</subfield>
      <subfield code="m">SPEC-COLL</subfield>
      <subfield code="r">Y</subfield>
      <subfield code="s">Y</subfield>
      <subfield code="t">NONCIRC</subfield>
      <subfield code="u">5/21/2007</subfield>
    </datafield>
    <datafield tag="999" ind1=" " ind2=" ">
      <subfield code="a">M1090 SERIES 16 SMALL MAP FOLDER 72.22</subfield>
      <subfield code="w">ALPHANUM</subfield>
      <subfield code="c">1</subfield>
      <subfield code="i">36105115689981</subfield>
      <subfield code="l">MSS-30</subfield>
      <subfield code="m">SPEC-COLL</subfield>
      <subfield code="r">Y</subfield>
      <subfield code="s">Y</subfield>
      <subfield code="t">NONCIRC</subfield>
      <subfield code="u">5/21/2007</subfield>
    </datafield>
    <datafield tag="999" ind1=" " ind2=" ">
      <subfield code="a">M1090 SERIES 16 SMALL MAP FOLDER 108.2</subfield>
      <subfield code="w">ALPHANUM</subfield>
      <subfield code="c">1</subfield>
      <subfield code="i">36105115689999</subfield>
      <subfield code="l">MSS-30</subfield>
      <subfield code="m">SPEC-COLL</subfield>
      <subfield code="r">Y</subfield>
      <subfield code="s">Y</subfield>
      <subfield code="t">NONCIRC</subfield>
      <subfield code="u">5/21/2007</subfield>
    </datafield>
    <datafield tag="999" ind1=" " ind2=" ">
      <subfield code="a">M1090 SERIES 16 SMALL MAP FOLDER 81.2</subfield>
      <subfield code="w">ALPHANUM</subfield>
      <subfield code="c">1</subfield>
      <subfield code="i">36105115690005</subfield>
      <subfield code="d">7/19/2010</subfield>
      <subfield code="l">MSS-30</subfield>
      <subfield code="m">SPEC-COLL</subfield>
      <subfield code="r">Y</subfield>
      <subfield code="s">Y</subfield>
      <subfield code="t">NONCIRC</subfield>
      <subfield code="u">5/21/2007</subfield>
    </datafield>
    <datafield tag="999" ind1=" " ind2=" ">
      <subfield code="a">M1090 SERIES 16 SMALL MAP FOLDER 274.3</subfield>
      <subfield code="w">ALPHANUM</subfield>
      <subfield code="c">1</subfield>
      <subfield code="i">36105115690013</subfield>
      <subfield code="d">2/27/2008</subfield>
      <subfield code="l">MSS-30</subfield>
      <subfield code="m">SPEC-COLL</subfield>
      <subfield code="r">Y</subfield>
      <subfield code="s">Y</subfield>
      <subfield code="t">NONCIRC</subfield>
      <subfield code="u">5/21/2007</subfield>
    </datafield>
    <datafield tag="999" ind1=" " ind2=" ">
      <subfield code="a">M1090 SERIES 16 SMALL MAP FOLDER 72.12</subfield>
      <subfield code="w">ALPHANUM</subfield>
      <subfield code="c">1</subfield>
      <subfield code="i">36105115690021</subfield>
      <subfield code="l">MSS-30</subfield>
      <subfield code="m">SPEC-COLL</subfield>
      <subfield code="r">Y</subfield>
      <subfield code="s">Y</subfield>
      <subfield code="t">NONCIRC</subfield>
      <subfield code="u">5/21/2007</subfield>
    </datafield>
    <datafield tag="999" ind1=" " ind2=" ">
      <subfield code="a">M1090 SERIES 16 SMALL MAP FOLDER 240.88</subfield>
      <subfield code="w">ALPHANUM</subfield>
      <subfield code="c">1</subfield>
      <subfield code="i">36105115690039</subfield>
      <subfield code="l">MSS-30</subfield>
      <subfield code="m">SPEC-COLL</subfield>
      <subfield code="r">Y</subfield>
      <subfield code="s">Y</subfield>
      <subfield code="t">NONCIRC</subfield>
      <subfield code="u">5/21/2007</subfield>
    </datafield>
    <datafield tag="999" ind1=" " ind2=" ">
      <subfield code="a">M1090 SERIES 16 SMALL MAP FOLDER 52.1</subfield>
      <subfield code="w">ALPHANUM</subfield>
      <subfield code="c">1</subfield>
      <subfield code="i">36105115690047</subfield>
      <subfield code="l">MSS-30</subfield>
      <subfield code="m">SPEC-COLL</subfield>
      <subfield code="r">Y</subfield>
      <subfield code="s">Y</subfield>
      <subfield code="t">NONCIRC</subfield>
      <subfield code="u">5/21/2007</subfield>
    </datafield>
    <datafield tag="999" ind1=" " ind2=" ">
      <subfield code="a">M1090 SERIES 16 SMALL MAP FOLDER 240.8</subfield>
      <subfield code="w">ALPHANUM</subfield>
      <subfield code="c">1</subfield>
      <subfield code="i">36105115912516</subfield>
      <subfield code="l">MSS-30</subfield>
      <subfield code="m">SPEC-COLL</subfield>
      <subfield code="r">Y</subfield>
      <subfield code="s">Y</subfield>
      <subfield code="t">NONCIRC</subfield>
      <subfield code="u">5/21/2007</subfield>
    </datafield>
    <datafield tag="999" ind1=" " ind2=" ">
      <subfield code="a">M1090 SERIES 16 SMALL MAP FOLDER 240.9</subfield>
      <subfield code="w">ALPHANUM</subfield>
      <subfield code="c">1</subfield>
      <subfield code="i">36105115690054</subfield>
      <subfield code="l">MSS-30</subfield>
      <subfield code="m">SPEC-COLL</subfield>
      <subfield code="r">Y</subfield>
      <subfield code="s">Y</subfield>
      <subfield code="t">NONCIRC</subfield>
      <subfield code="u">5/21/2007</subfield>
    </datafield>
    <datafield tag="999" ind1=" " ind2=" ">
      <subfield code="a">M1090 SERIES 16 SMALL MAP FOLDER 240.10</subfield>
      <subfield code="w">ALPHANUM</subfield>
      <subfield code="c">1</subfield>
      <subfield code="i">36105115690062</subfield>
      <subfield code="l">MSS-30</subfield>
      <subfield code="m">SPEC-COLL</subfield>
      <subfield code="r">Y</subfield>
      <subfield code="s">Y</subfield>
      <subfield code="t">NONCIRC</subfield>
      <subfield code="u">5/21/2007</subfield>
    </datafield>
    <datafield tag="999" ind1=" " ind2=" ">
      <subfield code="a">M1090 SERIES 16 SMALL MAP FOLDER 72.21</subfield>
      <subfield code="w">ALPHANUM</subfield>
      <subfield code="c">1</subfield>
      <subfield code="i">36105115595667</subfield>
      <subfield code="l">MSS-30</subfield>
      <subfield code="m">SPEC-COLL</subfield>
      <subfield code="r">Y</subfield>
      <subfield code="s">Y</subfield>
      <subfield code="t">NONCIRC</subfield>
      <subfield code="u">5/22/2007</subfield>
    </datafield>
    <datafield tag="999" ind1=" " ind2=" ">
      <subfield code="a">M1090 SERIES 16 LARGE MAP FOLDER 279.1</subfield>
      <subfield code="w">ALPHANUM</subfield>
      <subfield code="c">1</subfield>
      <subfield code="i">36105115690310</subfield>
      <subfield code="d">12/10/2007</subfield>
      <subfield code="l">MSS-30</subfield>
      <subfield code="m">SPEC-COLL</subfield>
      <subfield code="r">Y</subfield>
      <subfield code="s">Y</subfield>
      <subfield code="t">NONCIRC</subfield>
      <subfield code="u">6/4/2007</subfield>
    </datafield>
    <datafield tag="999" ind1=" " ind2=" ">
      <subfield code="a">M1090 SERIES 16 OS FOLDER 279.2</subfield>
      <subfield code="w">ALPHANUM</subfield>
      <subfield code="c">1</subfield>
      <subfield code="i">36105115690385</subfield>
      <subfield code="l">MANUSCRIPT</subfield>
      <subfield code="m">SPEC-COLL</subfield>
      <subfield code="r">Y</subfield>
      <subfield code="s">Y</subfield>
      <subfield code="t">NONCIRC</subfield>
      <subfield code="u">6/4/2007</subfield>
    </datafield>
    <datafield tag="999" ind1=" " ind2=" ">
      <subfield code="a">M1090 SERIES 16 LARGE MAP FOLDER 279.3</subfield>
      <subfield code="w">ALPHANUM</subfield>
      <subfield code="c">1</subfield>
      <subfield code="i">36105115690377</subfield>
      <subfield code="l">MSS-30</subfield>
      <subfield code="m">SPEC-COLL</subfield>
      <subfield code="r">Y</subfield>
      <subfield code="s">Y</subfield>
      <subfield code="t">NONCIRC</subfield>
      <subfield code="u">6/4/2007</subfield>
    </datafield>
    <datafield tag="999" ind1=" " ind2=" ">
      <subfield code="a">M1090 SERIES 16 LARGE MAP FOLDER 279.4</subfield>
      <subfield code="w">ALPHANUM</subfield>
      <subfield code="c">1</subfield>
      <subfield code="i">36105115690369</subfield>
      <subfield code="l">MANUSCRIPT</subfield>
      <subfield code="m">SPEC-COLL</subfield>
      <subfield code="r">Y</subfield>
      <subfield code="s">Y</subfield>
      <subfield code="t">NONCIRC</subfield>
      <subfield code="u">6/4/2007</subfield>
    </datafield>
    <datafield tag="999" ind1=" " ind2=" ">
      <subfield code="a">M1090 SERIES 16 LARGE MAP FOLDER 279.5</subfield>
      <subfield code="w">ALPHANUM</subfield>
      <subfield code="c">1</subfield>
      <subfield code="i">36105115690351</subfield>
      <subfield code="l">MSS-30</subfield>
      <subfield code="m">SPEC-COLL</subfield>
      <subfield code="r">Y</subfield>
      <subfield code="s">Y</subfield>
      <subfield code="t">NONCIRC</subfield>
      <subfield code="u">6/4/2007</subfield>
    </datafield>
    <datafield tag="999" ind1=" " ind2=" ">
      <subfield code="a">M1090 SERIES 16 LARGE MAP FOLDER 279.6</subfield>
      <subfield code="w">ALPHANUM</subfield>
      <subfield code="c">1</subfield>
      <subfield code="i">36105115690344</subfield>
      <subfield code="l">MSS-30</subfield>
      <subfield code="m">SPEC-COLL</subfield>
      <subfield code="r">Y</subfield>
      <subfield code="s">Y</subfield>
      <subfield code="t">NONCIRC</subfield>
      <subfield code="u">6/4/2007</subfield>
    </datafield>
    <datafield tag="999" ind1=" " ind2=" ">
      <subfield code="a">M1090 SERIES 16 LARGE MAP FOLDER 279.7</subfield>
      <subfield code="w">ALPHANUM</subfield>
      <subfield code="c">1</subfield>
      <subfield code="i">36105115690336</subfield>
      <subfield code="l">MSS-30</subfield>
      <subfield code="m">SPEC-COLL</subfield>
      <subfield code="r">Y</subfield>
      <subfield code="s">Y</subfield>
      <subfield code="t">NONCIRC</subfield>
      <subfield code="u">6/4/2007</subfield>
    </datafield>
    <datafield tag="999" ind1=" " ind2=" ">
      <subfield code="a">M1090 SERIES 16 LARGE MAP FOLDER 279.8</subfield>
      <subfield code="w">ALPHANUM</subfield>
      <subfield code="c">1</subfield>
      <subfield code="i">36105115690328</subfield>
      <subfield code="l">MSS-30</subfield>
      <subfield code="m">SPEC-COLL</subfield>
      <subfield code="r">Y</subfield>
      <subfield code="s">Y</subfield>
      <subfield code="t">NONCIRC</subfield>
      <subfield code="u">6/4/2007</subfield>
    </datafield>
    <datafield tag="999" ind1=" " ind2=" ">
      <subfield code="a">M1090 SERIES 16 LARGE MAP FOLDER 279.9</subfield>
      <subfield code="w">ALPHANUM</subfield>
      <subfield code="c">1</subfield>
      <subfield code="i">36105115690393</subfield>
      <subfield code="l">MSS-30</subfield>
      <subfield code="m">SPEC-COLL</subfield>
      <subfield code="r">Y</subfield>
      <subfield code="s">Y</subfield>
      <subfield code="t">NONCIRC</subfield>
      <subfield code="u">6/4/2007</subfield>
    </datafield>
    <datafield tag="999" ind1=" " ind2=" ">
      <subfield code="a">M1090 SERIES 16 OS FOLDER 309</subfield>
      <subfield code="w">ALPHANUM</subfield>
      <subfield code="c">1</subfield>
      <subfield code="i">36105115690401</subfield>
      <subfield code="l">MANUSCRIPT</subfield>
      <subfield code="m">SPEC-COLL</subfield>
      <subfield code="r">Y</subfield>
      <subfield code="s">Y</subfield>
      <subfield code="t">NONCIRC</subfield>
      <subfield code="u">6/5/2007</subfield>
    </datafield>
    <datafield tag="999" ind1=" " ind2=" ">
      <subfield code="a">M1090 SERIES 16 SMALL MAP FOLDER 310</subfield>
      <subfield code="w">ALPHANUM</subfield>
      <subfield code="c">1</subfield>
      <subfield code="i">36105115690419</subfield>
      <subfield code="l">MANUSCRIPT</subfield>
      <subfield code="m">SPEC-COLL</subfield>
      <subfield code="r">Y</subfield>
      <subfield code="s">Y</subfield>
      <subfield code="t">NONCIRC</subfield>
      <subfield code="u">6/5/2007</subfield>
    </datafield>
    <datafield tag="999" ind1=" " ind2=" ">
      <subfield code="a">M1090 SERIES 16 OS FOLDER 307</subfield>
      <subfield code="w">ALPHANUM</subfield>
      <subfield code="c">1</subfield>
      <subfield code="i">36105115690427</subfield>
      <subfield code="l">SPECM-S</subfield>
      <subfield code="m">SPEC-COLL</subfield>
      <subfield code="r">Y</subfield>
      <subfield code="s">Y</subfield>
      <subfield code="t">NONCIRC</subfield>
      <subfield code="u">6/5/2007</subfield>
    </datafield>
    <datafield tag="999" ind1=" " ind2=" ">
      <subfield code="a">M1090 SERIES 16 SMALL MAP FOLDER 311</subfield>
      <subfield code="w">ALPHANUM</subfield>
      <subfield code="c">1</subfield>
      <subfield code="i">36105115690435</subfield>
      <subfield code="l">MANUSCRIPT</subfield>
      <subfield code="m">SPEC-COLL</subfield>
      <subfield code="r">Y</subfield>
      <subfield code="s">Y</subfield>
      <subfield code="t">NONCIRC</subfield>
      <subfield code="u">6/5/2007</subfield>
    </datafield>
    <datafield tag="999" ind1=" " ind2=" ">
      <subfield code="a">M1090 SERIES 16 OS FOLDER 308</subfield>
      <subfield code="w">ALPHANUM</subfield>
      <subfield code="c">1</subfield>
      <subfield code="i">36105115690559</subfield>
      <subfield code="l">SPECM-S</subfield>
      <subfield code="m">SPEC-COLL</subfield>
      <subfield code="r">Y</subfield>
      <subfield code="s">Y</subfield>
      <subfield code="t">NONCIRC</subfield>
      <subfield code="u">6/5/2007</subfield>
    </datafield>
    <datafield tag="999" ind1=" " ind2=" ">
      <subfield code="a">M1090 SERIES 16 SMALL MAP FOLDER 216</subfield>
      <subfield code="w">ALPHANUM</subfield>
      <subfield code="c">1</subfield>
      <subfield code="i">36105115669819</subfield>
      <subfield code="d">4/6/2010</subfield>
      <subfield code="l">MSS-30</subfield>
      <subfield code="m">SPEC-COLL</subfield>
      <subfield code="r">Y</subfield>
      <subfield code="s">Y</subfield>
      <subfield code="t">NONCIRC</subfield>
      <subfield code="u">6/12/2007</subfield>
    </datafield>
    <datafield tag="999" ind1=" " ind2=" ">
      <subfield code="a">M1090 SERIES 16 OS FOLDER 169</subfield>
      <subfield code="w">ALPHANUM</subfield>
      <subfield code="c">1</subfield>
      <subfield code="i">36105115670536</subfield>
      <subfield code="l">MANUSCRIPT</subfield>
      <subfield code="m">SPEC-COLL</subfield>
      <subfield code="r">Y</subfield>
      <subfield code="s">Y</subfield>
      <subfield code="t">NONCIRC</subfield>
      <subfield code="u">6/12/2007</subfield>
    </datafield>
    <datafield tag="999" ind1=" " ind2=" ">
      <subfield code="a">M1090 SERIES 23 OS FOLDER 3</subfield>
      <subfield code="w">ALPHANUM</subfield>
      <subfield code="c">1</subfield>
      <subfield code="i">36105115690567</subfield>
      <subfield code="l">MANUSCRIPT</subfield>
      <subfield code="m">SPEC-COLL</subfield>
      <subfield code="r">Y</subfield>
      <subfield code="s">Y</subfield>
      <subfield code="t">NONCIRC</subfield>
      <subfield code="u">6/18/2007</subfield>
    </datafield>
    <datafield tag="999" ind1=" " ind2=" ">
      <subfield code="a">M1090 SERIES 16 OS FOLDER 312</subfield>
      <subfield code="w">ALPHANUM</subfield>
      <subfield code="c">1</subfield>
      <subfield code="i">36105115690575</subfield>
      <subfield code="l">MANUSCRIPT</subfield>
      <subfield code="m">SPEC-COLL</subfield>
      <subfield code="r">Y</subfield>
      <subfield code="s">Y</subfield>
      <subfield code="t">NONCIRC</subfield>
      <subfield code="u">6/18/2007</subfield>
    </datafield>
    <datafield tag="999" ind1=" " ind2=" ">
      <subfield code="a">M1090 SERIES 16 OS FOLDER 292</subfield>
      <subfield code="w">ALPHANUM</subfield>
      <subfield code="c">1</subfield>
      <subfield code="i">36105115675246</subfield>
      <subfield code="l">MANUSCRIPT</subfield>
      <subfield code="m">SPEC-COLL</subfield>
      <subfield code="r">Y</subfield>
      <subfield code="s">Y</subfield>
      <subfield code="t">NONCIRC</subfield>
      <subfield code="u">6/18/2007</subfield>
    </datafield>
    <datafield tag="999" ind1=" " ind2=" ">
      <subfield code="a">M1090 SERIES 16 OS FOLDER 294</subfield>
      <subfield code="w">ALPHANUM</subfield>
      <subfield code="c">1</subfield>
      <subfield code="i">36105115675261</subfield>
      <subfield code="l">MANUSCRIPT</subfield>
      <subfield code="m">SPEC-COLL</subfield>
      <subfield code="r">Y</subfield>
      <subfield code="s">Y</subfield>
      <subfield code="t">NONCIRC</subfield>
      <subfield code="u">6/18/2007</subfield>
    </datafield>
    <datafield tag="999" ind1=" " ind2=" ">
      <subfield code="a">M1090 SERIES 16 OS FOLDER 288</subfield>
      <subfield code="w">ALPHANUM</subfield>
      <subfield code="c">1</subfield>
      <subfield code="i">36105115675204</subfield>
      <subfield code="l">MANUSCRIPT</subfield>
      <subfield code="m">SPEC-COLL</subfield>
      <subfield code="r">Y</subfield>
      <subfield code="s">Y</subfield>
      <subfield code="t">NONCIRC</subfield>
      <subfield code="u">6/18/2007</subfield>
    </datafield>
    <datafield tag="999" ind1=" " ind2=" ">
      <subfield code="a">M1090 SERIES 16 OS FOLDER 290</subfield>
      <subfield code="w">ALPHANUM</subfield>
      <subfield code="c">1</subfield>
      <subfield code="i">36105115675220</subfield>
      <subfield code="l">MANUSCRIPT</subfield>
      <subfield code="m">SPEC-COLL</subfield>
      <subfield code="r">Y</subfield>
      <subfield code="s">Y</subfield>
      <subfield code="t">NONCIRC</subfield>
      <subfield code="u">6/18/2007</subfield>
    </datafield>
    <datafield tag="999" ind1=" " ind2=" ">
      <subfield code="a">M1090 SERIES 16 OS FOLDER 300</subfield>
      <subfield code="w">ALPHANUM</subfield>
      <subfield code="c">1</subfield>
      <subfield code="i">36105115675329</subfield>
      <subfield code="l">MANUSCRIPT</subfield>
      <subfield code="m">SPEC-COLL</subfield>
      <subfield code="r">Y</subfield>
      <subfield code="s">Y</subfield>
      <subfield code="t">NONCIRC</subfield>
      <subfield code="u">6/18/2007</subfield>
    </datafield>
    <datafield tag="999" ind1=" " ind2=" ">
      <subfield code="a">M1090 SERIES 16 OS FOLDER 301</subfield>
      <subfield code="w">ALPHANUM</subfield>
      <subfield code="c">1</subfield>
      <subfield code="i">36105115675337</subfield>
      <subfield code="l">MANUSCRIPT</subfield>
      <subfield code="m">SPEC-COLL</subfield>
      <subfield code="r">Y</subfield>
      <subfield code="s">Y</subfield>
      <subfield code="t">NONCIRC</subfield>
      <subfield code="u">6/18/2007</subfield>
    </datafield>
    <datafield tag="999" ind1=" " ind2=" ">
      <subfield code="a">M1090 SERIES 16 OS FOLDER 302</subfield>
      <subfield code="w">ALPHANUM</subfield>
      <subfield code="c">1</subfield>
      <subfield code="i">36105115675345</subfield>
      <subfield code="l">MANUSCRIPT</subfield>
      <subfield code="m">SPEC-COLL</subfield>
      <subfield code="r">Y</subfield>
      <subfield code="s">Y</subfield>
      <subfield code="t">NONCIRC</subfield>
      <subfield code="u">6/18/2007</subfield>
    </datafield>
    <datafield tag="999" ind1=" " ind2=" ">
      <subfield code="a">M1090 SERIES 16 OS FOLDER 305</subfield>
      <subfield code="w">ALPHANUM</subfield>
      <subfield code="c">1</subfield>
      <subfield code="i">36105115675378</subfield>
      <subfield code="l">MANUSCRIPT</subfield>
      <subfield code="m">SPEC-COLL</subfield>
      <subfield code="r">Y</subfield>
      <subfield code="s">Y</subfield>
      <subfield code="t">NONCIRC</subfield>
      <subfield code="u">6/18/2007</subfield>
    </datafield>
    <datafield tag="999" ind1=" " ind2=" ">
      <subfield code="a">M1090 SERIES 16 OS FOLDER 297</subfield>
      <subfield code="w">ALPHANUM</subfield>
      <subfield code="c">1</subfield>
      <subfield code="i">36105115675295</subfield>
      <subfield code="l">MANUSCRIPT</subfield>
      <subfield code="m">SPEC-COLL</subfield>
      <subfield code="r">Y</subfield>
      <subfield code="s">Y</subfield>
      <subfield code="t">NONCIRC</subfield>
      <subfield code="u">6/18/2007</subfield>
    </datafield>
    <datafield tag="999" ind1=" " ind2=" ">
      <subfield code="a">M1090 SERIES 16 OS FOLDER 313</subfield>
      <subfield code="w">ALPHANUM</subfield>
      <subfield code="c">1</subfield>
      <subfield code="i">36105115690583</subfield>
      <subfield code="l">MANUSCRIPT</subfield>
      <subfield code="m">SPEC-COLL</subfield>
      <subfield code="r">Y</subfield>
      <subfield code="s">Y</subfield>
      <subfield code="t">NONCIRC</subfield>
      <subfield code="u">6/18/2007</subfield>
    </datafield>
    <datafield tag="999" ind1=" " ind2=" ">
      <subfield code="a">M1090 SERIES 14 OS FOLDER 30</subfield>
      <subfield code="w">ALPHANUM</subfield>
      <subfield code="c">1</subfield>
      <subfield code="i">36105115912805</subfield>
      <subfield code="l">MANUSCRIPT</subfield>
      <subfield code="m">SPEC-COLL</subfield>
      <subfield code="r">Y</subfield>
      <subfield code="s">Y</subfield>
      <subfield code="t">NONCIRC</subfield>
      <subfield code="u">6/18/2007</subfield>
    </datafield>
    <datafield tag="999" ind1=" " ind2=" ">
      <subfield code="a">M1090 SERIES 14 OS FOLDER 31</subfield>
      <subfield code="w">ALPHANUM</subfield>
      <subfield code="c">1</subfield>
      <subfield code="i">36105115912797</subfield>
      <subfield code="l">MANUSCRIPT</subfield>
      <subfield code="m">SPEC-COLL</subfield>
      <subfield code="r">Y</subfield>
      <subfield code="s">Y</subfield>
      <subfield code="t">NONCIRC</subfield>
      <subfield code="u">6/18/2007</subfield>
    </datafield>
    <datafield tag="999" ind1=" " ind2=" ">
      <subfield code="a">M1090 SERIES 16 OS FOLDER 314</subfield>
      <subfield code="w">ALPHANUM</subfield>
      <subfield code="c">1</subfield>
      <subfield code="i">36105115912813</subfield>
      <subfield code="l">MANUSCRIPT</subfield>
      <subfield code="m">SPEC-COLL</subfield>
      <subfield code="r">Y</subfield>
      <subfield code="s">Y</subfield>
      <subfield code="t">NONCIRC</subfield>
      <subfield code="u">6/18/2007</subfield>
    </datafield>
    <datafield tag="999" ind1=" " ind2=" ">
      <subfield code="a">M1090 SERIES 6 HALF BOX 39B</subfield>
      <subfield code="w">ALPHANUM</subfield>
      <subfield code="c">1</subfield>
      <subfield code="i">36105115691045</subfield>
      <subfield code="l">MANUSCRIPT</subfield>
      <subfield code="m">SPEC-COLL</subfield>
      <subfield code="r">Y</subfield>
      <subfield code="s">Y</subfield>
      <subfield code="t">NONCIRC</subfield>
      <subfield code="u">6/27/2007</subfield>
    </datafield>
    <datafield tag="999" ind1=" " ind2=" ">
      <subfield code="a">M1090 SERIES 16 LARGE MAP FOLDER 315</subfield>
      <subfield code="w">ALPHANUM</subfield>
      <subfield code="c">1</subfield>
      <subfield code="i">36105115678323</subfield>
      <subfield code="l">MSS-30</subfield>
      <subfield code="m">SPEC-COLL</subfield>
      <subfield code="r">Y</subfield>
      <subfield code="s">Y</subfield>
      <subfield code="t">NONCIRC</subfield>
      <subfield code="u">7/2/2007</subfield>
    </datafield>
    <datafield tag="999" ind1=" " ind2=" ">
      <subfield code="a">M1090 SERIES 16 LARGE MAP FOLDER 316</subfield>
      <subfield code="w">ALPHANUM</subfield>
      <subfield code="c">1</subfield>
      <subfield code="i">36105115678331</subfield>
      <subfield code="l">MSS-30</subfield>
      <subfield code="m">SPEC-COLL</subfield>
      <subfield code="r">Y</subfield>
      <subfield code="s">Y</subfield>
      <subfield code="t">NONCIRC</subfield>
      <subfield code="u">7/2/2007</subfield>
    </datafield>
    <datafield tag="999" ind1=" " ind2=" ">
      <subfield code="a">M1090 SERIES 24 BOX 1</subfield>
      <subfield code="w">ALPHANUM</subfield>
      <subfield code="c">1</subfield>
      <subfield code="i">36105115652104</subfield>
      <subfield code="d">5/19/2010</subfield>
      <subfield code="l">MSS-30</subfield>
      <subfield code="m">SPEC-COLL</subfield>
      <subfield code="r">Y</subfield>
      <subfield code="s">Y</subfield>
      <subfield code="t">NONCIRC</subfield>
      <subfield code="u">10/29/2007</subfield>
    </datafield>
    <datafield tag="999" ind1=" " ind2=" ">
      <subfield code="a">M1090 SERIES 24 BOX 2</subfield>
      <subfield code="w">ALPHANUM</subfield>
      <subfield code="c">1</subfield>
      <subfield code="i">36105115652112</subfield>
      <subfield code="d">7/7/2008</subfield>
      <subfield code="l">MSS-30</subfield>
      <subfield code="m">SPEC-COLL</subfield>
      <subfield code="r">Y</subfield>
      <subfield code="s">Y</subfield>
      <subfield code="t">NONCIRC</subfield>
      <subfield code="u">10/29/2007</subfield>
    </datafield>
    <datafield tag="999" ind1=" " ind2=" ">
      <subfield code="a">M1090 SERIES 24 BOX 3</subfield>
      <subfield code="w">ALPHANUM</subfield>
      <subfield code="c">1</subfield>
      <subfield code="i">36105115652120</subfield>
      <subfield code="l">MSS-30</subfield>
      <subfield code="m">SPEC-COLL</subfield>
      <subfield code="r">Y</subfield>
      <subfield code="s">Y</subfield>
      <subfield code="t">NONCIRC</subfield>
      <subfield code="u">10/29/2007</subfield>
    </datafield>
    <datafield tag="999" ind1=" " ind2=" ">
      <subfield code="a">M1090 SERIES 24 BOX 4</subfield>
      <subfield code="w">ALPHANUM</subfield>
      <subfield code="c">1</subfield>
      <subfield code="i">36105115652138</subfield>
      <subfield code="d">7/7/2008</subfield>
      <subfield code="l">MSS-30</subfield>
      <subfield code="m">SPEC-COLL</subfield>
      <subfield code="r">Y</subfield>
      <subfield code="s">Y</subfield>
      <subfield code="t">NONCIRC</subfield>
      <subfield code="u">10/29/2007</subfield>
    </datafield>
    <datafield tag="999" ind1=" " ind2=" ">
      <subfield code="a">M1090 SERIES 24 BOX 5</subfield>
      <subfield code="w">ALPHANUM</subfield>
      <subfield code="c">1</subfield>
      <subfield code="i">36105115652146</subfield>
      <subfield code="d">4/29/2010</subfield>
      <subfield code="l">MSS-30</subfield>
      <subfield code="m">SPEC-COLL</subfield>
      <subfield code="r">Y</subfield>
      <subfield code="s">Y</subfield>
      <subfield code="t">NONCIRC</subfield>
      <subfield code="u">10/29/2007</subfield>
    </datafield>
    <datafield tag="999" ind1=" " ind2=" ">
      <subfield code="a">M1090 SERIES 24 BOX 6</subfield>
      <subfield code="w">ALPHANUM</subfield>
      <subfield code="c">1</subfield>
      <subfield code="i">36105115652153</subfield>
      <subfield code="l">MSS-30</subfield>
      <subfield code="m">SPEC-COLL</subfield>
      <subfield code="r">Y</subfield>
      <subfield code="s">Y</subfield>
      <subfield code="t">NONCIRC</subfield>
      <subfield code="u">10/29/2007</subfield>
    </datafield>
    <datafield tag="999" ind1=" " ind2=" ">
      <subfield code="a">M1090 SERIES 24 BOX 7</subfield>
      <subfield code="w">ALPHANUM</subfield>
      <subfield code="c">1</subfield>
      <subfield code="i">36105115652161</subfield>
      <subfield code="d">9/17/2009</subfield>
      <subfield code="l">MSS-30</subfield>
      <subfield code="m">SPEC-COLL</subfield>
      <subfield code="r">Y</subfield>
      <subfield code="s">Y</subfield>
      <subfield code="t">NONCIRC</subfield>
      <subfield code="u">10/29/2007</subfield>
    </datafield>
    <datafield tag="999" ind1=" " ind2=" ">
      <subfield code="a">M1090 SERIES 24 BOX 8</subfield>
      <subfield code="w">ALPHANUM</subfield>
      <subfield code="c">1</subfield>
      <subfield code="i">36105115652179</subfield>
      <subfield code="l">MSS-30</subfield>
      <subfield code="m">SPEC-COLL</subfield>
      <subfield code="r">Y</subfield>
      <subfield code="s">Y</subfield>
      <subfield code="t">NONCIRC</subfield>
      <subfield code="u">10/29/2007</subfield>
    </datafield>
    <datafield tag="999" ind1=" " ind2=" ">
      <subfield code="a">M1090 SERIES 17 BOX 234</subfield>
      <subfield code="w">ALPHANUM</subfield>
      <subfield code="c">1</subfield>
      <subfield code="i">36105116169512</subfield>
      <subfield code="l">MSS-30</subfield>
      <subfield code="m">SPEC-COLL</subfield>
      <subfield code="r">Y</subfield>
      <subfield code="s">Y</subfield>
      <subfield code="t">NONCIRC</subfield>
      <subfield code="u">10/29/2007</subfield>
      <subfield code="o">.CIRCSTAFF. </subfield>
      <subfield code="o">.PUBLIC. Media Use Copies: videotape 3a - 7a</subfield>
    </datafield>
    <datafield tag="999" ind1=" " ind2=" ">
      <subfield code="a">M1090 SERIES 17 BOX 235</subfield>
      <subfield code="w">ALPHANUM</subfield>
      <subfield code="c">1</subfield>
      <subfield code="i">36105116169520</subfield>
      <subfield code="l">MSS-30</subfield>
      <subfield code="m">SPEC-COLL</subfield>
      <subfield code="r">Y</subfield>
      <subfield code="s">Y</subfield>
      <subfield code="t">NONCIRC</subfield>
      <subfield code="u">10/29/2007</subfield>
      <subfield code="o">.CIRCSTAFF. Media Use Copies: videotapes 7b - 11c</subfield>
    </datafield>
    <datafield tag="999" ind1=" " ind2=" ">
      <subfield code="a">M1090 SERIES 17 BOX 236</subfield>
      <subfield code="w">ALPHANUM</subfield>
      <subfield code="c">1</subfield>
      <subfield code="i">36105116169538</subfield>
      <subfield code="l">MSS-30</subfield>
      <subfield code="m">SPEC-COLL</subfield>
      <subfield code="r">Y</subfield>
      <subfield code="s">Y</subfield>
      <subfield code="t">NONCIRC</subfield>
      <subfield code="u">10/29/2007</subfield>
      <subfield code="o">.CIRCSTAFF. Media Use Copies: videotapes 11b - 49</subfield>
    </datafield>
    <datafield tag="999" ind1=" " ind2=" ">
      <subfield code="a">M1090 SERIES 17 BOX 237</subfield>
      <subfield code="w">ALPHANUM</subfield>
      <subfield code="c">1</subfield>
      <subfield code="i">36105116169546</subfield>
      <subfield code="l">MSS-30</subfield>
      <subfield code="m">SPEC-COLL</subfield>
      <subfield code="r">Y</subfield>
      <subfield code="s">Y</subfield>
      <subfield code="t">NONCIRC</subfield>
      <subfield code="u">10/29/2007</subfield>
      <subfield code="o">.CIRCSTAFF. Media Use Copies:  videotapes 62a - 77</subfield>
    </datafield>
    <datafield tag="999" ind1=" " ind2=" ">
      <subfield code="a">M1090 SERIES 17 BOX 238</subfield>
      <subfield code="w">ALPHANUM</subfield>
      <subfield code="c">1</subfield>
      <subfield code="i">36105116169553</subfield>
      <subfield code="l">MSS-30</subfield>
      <subfield code="m">SPEC-COLL</subfield>
      <subfield code="r">Y</subfield>
      <subfield code="s">Y</subfield>
      <subfield code="t">NONCIRC</subfield>
      <subfield code="u">10/29/2007</subfield>
      <subfield code="o">.CIRCSTAFF. Preservation Masters: 13a, 13b, 103b</subfield>
    </datafield>
    <datafield tag="999" ind1=" " ind2=" ">
      <subfield code="a">M1090 SERIES 17 BOX 239</subfield>
      <subfield code="w">ALPHANUM</subfield>
      <subfield code="c">1</subfield>
      <subfield code="i">36105116169603</subfield>
      <subfield code="l">MSS-30</subfield>
      <subfield code="m">SPEC-COLL</subfield>
      <subfield code="r">Y</subfield>
      <subfield code="s">Y</subfield>
      <subfield code="t">NONCIRC</subfield>
      <subfield code="u">11/5/2007</subfield>
      <subfield code="o">.CIRCSTAFF. 6 VHS tapes (videos 1-3); 8 BETACAM tapes: reel 12, 23, 24, 72 (2 copies each)</subfield>
    </datafield>
    <datafield tag="999" ind1=" " ind2=" ">
      <subfield code="a">M1090 SERIES 17 BOX 240</subfield>
      <subfield code="w">ALPHANUM</subfield>
      <subfield code="c">1</subfield>
      <subfield code="i">36105116169611</subfield>
      <subfield code="l">MSS-30</subfield>
      <subfield code="m">SPEC-COLL</subfield>
      <subfield code="r">Y</subfield>
      <subfield code="s">Y</subfield>
      <subfield code="t">NONCIRC</subfield>
      <subfield code="u">11/5/2007</subfield>
      <subfield code="o">.CIRCSTAFF. VHS viewing tapes: 13a, 13b, 103a, 103b, Filmreel 1, Filmreel 3 (2 copies each)</subfield>
    </datafield>
    <datafield tag="999" ind1=" " ind2=" ">
      <subfield code="a">M1090 SERIES 17 BOX 241</subfield>
      <subfield code="w">ALPHANUM</subfield>
      <subfield code="c">1</subfield>
      <subfield code="i">36105116169629</subfield>
      <subfield code="l">MSS-30</subfield>
      <subfield code="m">SPEC-COLL</subfield>
      <subfield code="r">Y</subfield>
      <subfield code="s">Y</subfield>
      <subfield code="t">NONCIRC</subfield>
      <subfield code="u">11/5/2007</subfield>
      <subfield code="o">.CIRCSTAFF. 3 Preservation masters: 4a, 43a, 43b; VHS Viewing copies: 4a, 25a, 43a, 43b</subfield>
    </datafield>
    <datafield tag="999" ind1=" " ind2=" ">
      <subfield code="a">M1090 SERIES 16 SMALL MAP FOLDER 318</subfield>
      <subfield code="w">ALPHANUM</subfield>
      <subfield code="c">1</subfield>
      <subfield code="i">36105116166922</subfield>
      <subfield code="l">MANUSCRIPT</subfield>
      <subfield code="m">SPEC-COLL</subfield>
      <subfield code="r">Y</subfield>
      <subfield code="s">Y</subfield>
      <subfield code="t">NONCIRC</subfield>
      <subfield code="u">11/5/2007</subfield>
    </datafield>
    <datafield tag="999" ind1=" " ind2=" ">
      <subfield code="a">M1090 SERIES 16 SMALL MAP FOLDER 321</subfield>
      <subfield code="w">ALPHANUM</subfield>
      <subfield code="c">1</subfield>
      <subfield code="i">36105116166930</subfield>
      <subfield code="l">MANUSCRIPT</subfield>
      <subfield code="m">SPEC-COLL</subfield>
      <subfield code="r">Y</subfield>
      <subfield code="s">Y</subfield>
      <subfield code="t">NONCIRC</subfield>
      <subfield code="u">11/5/2007</subfield>
    </datafield>
    <datafield tag="999" ind1=" " ind2=" ">
      <subfield code="a">M1090 SERIES 16 SMALL MAP FOLDER 319</subfield>
      <subfield code="w">ALPHANUM</subfield>
      <subfield code="c">1</subfield>
      <subfield code="i">36105116166948</subfield>
      <subfield code="l">MANUSCRIPT</subfield>
      <subfield code="m">SPEC-COLL</subfield>
      <subfield code="r">Y</subfield>
      <subfield code="s">Y</subfield>
      <subfield code="t">NONCIRC</subfield>
      <subfield code="u">11/5/2007</subfield>
    </datafield>
    <datafield tag="999" ind1=" " ind2=" ">
      <subfield code="a">M1090 SERIES 16 OS FOLDER 320</subfield>
      <subfield code="w">LC</subfield>
      <subfield code="c">1</subfield>
      <subfield code="i">36105116168647</subfield>
      <subfield code="l">MANUSCRIPT</subfield>
      <subfield code="m">SPEC-COLL</subfield>
      <subfield code="r">Y</subfield>
      <subfield code="s">Y</subfield>
      <subfield code="t">NONCIRC</subfield>
      <subfield code="u">11/5/2007</subfield>
    </datafield>
    <datafield tag="999" ind1=" " ind2=" ">
      <subfield code="a">M1090 SERIES 16 SMALL MAP FOLDER 317</subfield>
      <subfield code="w">LC</subfield>
      <subfield code="c">1</subfield>
      <subfield code="i">36105116168654</subfield>
      <subfield code="l">MANUSCRIPT</subfield>
      <subfield code="m">SPEC-COLL</subfield>
      <subfield code="r">Y</subfield>
      <subfield code="s">Y</subfield>
      <subfield code="t">NONCIRC</subfield>
      <subfield code="u">11/5/2007</subfield>
    </datafield>
    <datafield tag="999" ind1=" " ind2=" ">
      <subfield code="a">M1090 SERIES 16 HALF BOX 1.1</subfield>
      <subfield code="w">ALPHANUM</subfield>
      <subfield code="c">1</subfield>
      <subfield code="i">36105115668217</subfield>
      <subfield code="l">MSS-30</subfield>
      <subfield code="m">SPEC-COLL</subfield>
      <subfield code="r">Y</subfield>
      <subfield code="s">Y</subfield>
      <subfield code="t">NONCIRC</subfield>
      <subfield code="u">12/20/2007</subfield>
    </datafield>
    <datafield tag="999" ind1=" " ind2=" ">
      <subfield code="a">M1090 SERIES 19 MODEL 1</subfield>
      <subfield code="w">ALPHANUM</subfield>
      <subfield code="c">1</subfield>
      <subfield code="i">36105115619624</subfield>
      <subfield code="l">MANUSCRIPT</subfield>
      <subfield code="m">SPEC-COLL</subfield>
      <subfield code="r">Y</subfield>
      <subfield code="s">Y</subfield>
      <subfield code="t">MANUSCRIPT</subfield>
      <subfield code="u">10/12/2009</subfield>
    </datafield>
    <datafield tag="999" ind1=" " ind2=" ">
      <subfield code="a">M1090 SERIES 19 MODEL 7</subfield>
      <subfield code="w">ALPHANUM</subfield>
      <subfield code="c">1</subfield>
      <subfield code="i">36105115619582</subfield>
      <subfield code="l">MANUSCRIPT</subfield>
      <subfield code="m">SPEC-COLL</subfield>
      <subfield code="r">Y</subfield>
      <subfield code="s">Y</subfield>
      <subfield code="t">MANUSCRIPT</subfield>
      <subfield code="u">10/12/2009</subfield>
    </datafield>
    <datafield tag="999" ind1=" " ind2=" ">
      <subfield code="a">M1090 SERIES 19 MODEL 12</subfield>
      <subfield code="w">ALPHANUM</subfield>
      <subfield code="c">1</subfield>
      <subfield code="i">36105115619640</subfield>
      <subfield code="l">MANUSCRIPT</subfield>
      <subfield code="m">SPEC-COLL</subfield>
      <subfield code="r">Y</subfield>
      <subfield code="s">Y</subfield>
      <subfield code="t">MANUSCRIPT</subfield>
      <subfield code="u">10/12/2009</subfield>
    </datafield>
    <datafield tag="999" ind1=" " ind2=" ">
      <subfield code="a">M1090 SERIES 19 MODEL 23</subfield>
      <subfield code="w">ALPHANUM</subfield>
      <subfield code="c">1</subfield>
      <subfield code="i">36105115619707</subfield>
      <subfield code="l">MANUSCRIPT</subfield>
      <subfield code="m">SPEC-COLL</subfield>
      <subfield code="r">Y</subfield>
      <subfield code="s">Y</subfield>
      <subfield code="t">MANUSCRIPT</subfield>
      <subfield code="u">10/12/2009</subfield>
    </datafield>
    <datafield tag="999" ind1=" " ind2=" ">
      <subfield code="a">M1090 SERIES 19 MODEL 24</subfield>
      <subfield code="w">ALPHANUM</subfield>
      <subfield code="c">1</subfield>
      <subfield code="i">36105115619657</subfield>
      <subfield code="l">MANUSCRIPT</subfield>
      <subfield code="m">SPEC-COLL</subfield>
      <subfield code="r">Y</subfield>
      <subfield code="s">Y</subfield>
      <subfield code="t">MANUSCRIPT</subfield>
      <subfield code="u">10/12/2009</subfield>
    </datafield>
    <datafield tag="999" ind1=" " ind2=" ">
      <subfield code="a">M1090 SERIES 19 MODEL 26</subfield>
      <subfield code="w">ALPHANUM</subfield>
      <subfield code="c">1</subfield>
      <subfield code="i">36105115619699</subfield>
      <subfield code="l">MANUSCRIPT</subfield>
      <subfield code="m">SPEC-COLL</subfield>
      <subfield code="r">Y</subfield>
      <subfield code="s">Y</subfield>
      <subfield code="t">MANUSCRIPT</subfield>
      <subfield code="u">10/12/2009</subfield>
    </datafield>
    <datafield tag="999" ind1=" " ind2=" ">
      <subfield code="a">M1090 SERIES 19 MODEL 32</subfield>
      <subfield code="w">ALPHANUM</subfield>
      <subfield code="c">1</subfield>
      <subfield code="i">36105115619566</subfield>
      <subfield code="l">MANUSCRIPT</subfield>
      <subfield code="m">SPEC-COLL</subfield>
      <subfield code="r">Y</subfield>
      <subfield code="s">Y</subfield>
      <subfield code="t">MANUSCRIPT</subfield>
      <subfield code="u">10/12/2009</subfield>
    </datafield>
    <datafield tag="999" ind1=" " ind2=" ">
      <subfield code="a">M1090 SERIES 19 MODEL 33</subfield>
      <subfield code="w">ALPHANUM</subfield>
      <subfield code="c">1</subfield>
      <subfield code="i">36105115619673</subfield>
      <subfield code="l">MANUSCRIPT</subfield>
      <subfield code="m">SPEC-COLL</subfield>
      <subfield code="r">Y</subfield>
      <subfield code="s">Y</subfield>
      <subfield code="t">MANUSCRIPT</subfield>
      <subfield code="u">10/12/2009</subfield>
    </datafield>
    <datafield tag="999" ind1=" " ind2=" ">
      <subfield code="a">M1090 SERIES 19 MODEL 35</subfield>
      <subfield code="w">ALPHANUM</subfield>
      <subfield code="c">1</subfield>
      <subfield code="i">36105115619616</subfield>
      <subfield code="l">MANUSCRIPT</subfield>
      <subfield code="m">SPEC-COLL</subfield>
      <subfield code="r">Y</subfield>
      <subfield code="s">Y</subfield>
      <subfield code="t">MANUSCRIPT</subfield>
      <subfield code="u">10/12/2009</subfield>
    </datafield>
    <datafield tag="999" ind1=" " ind2=" ">
      <subfield code="a">M1090 SERIES 19 MODEL 37</subfield>
      <subfield code="w">ALPHANUM</subfield>
      <subfield code="c">1</subfield>
      <subfield code="i">36105115619681</subfield>
      <subfield code="l">MANUSCRIPT</subfield>
      <subfield code="m">SPEC-COLL</subfield>
      <subfield code="r">Y</subfield>
      <subfield code="s">Y</subfield>
      <subfield code="t">MANUSCRIPT</subfield>
      <subfield code="u">10/12/2009</subfield>
    </datafield>
    <datafield tag="999" ind1=" " ind2=" ">
      <subfield code="a">M1090 SERIES 19 MODEL 38</subfield>
      <subfield code="w">ALPHANUM</subfield>
      <subfield code="c">1</subfield>
      <subfield code="i">36105115619665</subfield>
      <subfield code="l">MANUSCRIPT</subfield>
      <subfield code="m">SPEC-COLL</subfield>
      <subfield code="r">Y</subfield>
      <subfield code="s">Y</subfield>
      <subfield code="t">MANUSCRIPT</subfield>
      <subfield code="u">10/12/2009</subfield>
    </datafield>
    <datafield tag="999" ind1=" " ind2=" ">
      <subfield code="a">M1090 SERIES 19 MODEL 40</subfield>
      <subfield code="w">ALPHANUM</subfield>
      <subfield code="c">1</subfield>
      <subfield code="i">36105115619632</subfield>
      <subfield code="l">MANUSCRIPT</subfield>
      <subfield code="m">SPEC-COLL</subfield>
      <subfield code="r">Y</subfield>
      <subfield code="s">Y</subfield>
      <subfield code="t">MANUSCRIPT</subfield>
      <subfield code="u">10/12/2009</subfield>
    </datafield>
    <datafield tag="999" ind1=" " ind2=" ">
      <subfield code="a">M1090 SERIES 19 MODEL 41</subfield>
      <subfield code="w">ALPHANUM</subfield>
      <subfield code="c">1</subfield>
      <subfield code="i">36105115619608</subfield>
      <subfield code="l">MANUSCRIPT</subfield>
      <subfield code="m">SPEC-COLL</subfield>
      <subfield code="r">Y</subfield>
      <subfield code="s">Y</subfield>
      <subfield code="t">MANUSCRIPT</subfield>
      <subfield code="u">10/12/2009</subfield>
    </datafield>
    <datafield tag="999" ind1=" " ind2=" ">
      <subfield code="a">M1090 SERIES 19 MODEL 59-A</subfield>
      <subfield code="w">ALPHANUM</subfield>
      <subfield code="c">1</subfield>
      <subfield code="i">36105115619558</subfield>
      <subfield code="l">MANUSCRIPT</subfield>
      <subfield code="m">SPEC-COLL</subfield>
      <subfield code="r">Y</subfield>
      <subfield code="s">Y</subfield>
      <subfield code="t">MANUSCRIPT</subfield>
      <subfield code="u">10/12/2009</subfield>
    </datafield>
    <datafield tag="999" ind1=" " ind2=" ">
      <subfield code="a">M1090 SERIES 19 MODEL 74</subfield>
      <subfield code="w">ALPHANUM</subfield>
      <subfield code="c">1</subfield>
      <subfield code="i">36105115619590</subfield>
      <subfield code="l">MANUSCRIPT</subfield>
      <subfield code="m">SPEC-COLL</subfield>
      <subfield code="r">Y</subfield>
      <subfield code="s">Y</subfield>
      <subfield code="t">MANUSCRIPT</subfield>
      <subfield code="u">10/12/2009</subfield>
    </datafield>
    <datafield tag="999" ind1=" " ind2=" ">
      <subfield code="a">M1090 SERIES 19 MODEL 75</subfield>
      <subfield code="w">ALPHANUM</subfield>
      <subfield code="c">1</subfield>
      <subfield code="i">36105115619574</subfield>
      <subfield code="l">MANUSCRIPT</subfield>
      <subfield code="m">SPEC-COLL</subfield>
      <subfield code="r">Y</subfield>
      <subfield code="s">Y</subfield>
      <subfield code="t">MANUSCRIPT</subfield>
      <subfield code="u">10/12/2009</subfield>
    </datafield>
    <datafield tag="999" ind1=" " ind2=" ">
      <subfield code="a">M1090 SERIES 19 MODEL 21</subfield>
      <subfield code="w">ALPHANUM</subfield>
      <subfield code="c">1</subfield>
      <subfield code="i">36105116166112</subfield>
      <subfield code="l">MANUSCRIPT</subfield>
      <subfield code="m">SPEC-COLL</subfield>
      <subfield code="r">Y</subfield>
      <subfield code="s">Y</subfield>
      <subfield code="t">MANUSCRIPT</subfield>
      <subfield code="u">10/12/2009</subfield>
    </datafield>
    <datafield tag="999" ind1=" " ind2=" ">
      <subfield code="a">M1090 SERIES 19 MODEL 29</subfield>
      <subfield code="w">ALPHANUM</subfield>
      <subfield code="c">1</subfield>
      <subfield code="i">36105116165809</subfield>
      <subfield code="l">MANUSCRIPT</subfield>
      <subfield code="m">SPEC-COLL</subfield>
      <subfield code="r">Y</subfield>
      <subfield code="s">Y</subfield>
      <subfield code="t">MANUSCRIPT</subfield>
      <subfield code="u">10/12/2009</subfield>
    </datafield>
    <datafield tag="999" ind1=" " ind2=" ">
      <subfield code="a">M1090 SERIES 19 MODEL 31</subfield>
      <subfield code="w">ALPHANUM</subfield>
      <subfield code="c">1</subfield>
      <subfield code="i">36105116166203</subfield>
      <subfield code="l">MANUSCRIPT</subfield>
      <subfield code="m">SPEC-COLL</subfield>
      <subfield code="r">Y</subfield>
      <subfield code="s">Y</subfield>
      <subfield code="t">MANUSCRIPT</subfield>
      <subfield code="u">10/12/2009</subfield>
    </datafield>
    <datafield tag="999" ind1=" " ind2=" ">
      <subfield code="a">M1090 SERIES 19 MODEL 69</subfield>
      <subfield code="w">ALPHANUM</subfield>
      <subfield code="c">1</subfield>
      <subfield code="i">36105116165825</subfield>
      <subfield code="l">MANUSCRIPT</subfield>
      <subfield code="m">SPEC-COLL</subfield>
      <subfield code="r">Y</subfield>
      <subfield code="s">Y</subfield>
      <subfield code="t">MANUSCRIPT</subfield>
      <subfield code="u">10/12/2009</subfield>
    </datafield>
    <datafield tag="999" ind1=" " ind2=" ">
      <subfield code="a">M1090 SERIES 19 MODEL 70</subfield>
      <subfield code="w">ALPHANUM</subfield>
      <subfield code="c">1</subfield>
      <subfield code="i">36105116165791</subfield>
      <subfield code="l">MANUSCRIPT</subfield>
      <subfield code="m">SPEC-COLL</subfield>
      <subfield code="r">Y</subfield>
      <subfield code="s">Y</subfield>
      <subfield code="t">MANUSCRIPT</subfield>
      <subfield code="u">10/12/2009</subfield>
    </datafield>
    <datafield tag="999" ind1=" " ind2=" ">
      <subfield code="a">M1090 SERIES 19 MODEL 72</subfield>
      <subfield code="w">ALPHANUM</subfield>
      <subfield code="c">1</subfield>
      <subfield code="i">36105116166229</subfield>
      <subfield code="l">MANUSCRIPT</subfield>
      <subfield code="m">SPEC-COLL</subfield>
      <subfield code="r">Y</subfield>
      <subfield code="s">Y</subfield>
      <subfield code="t">MANUSCRIPT</subfield>
      <subfield code="u">10/12/2009</subfield>
    </datafield>
    <datafield tag="999" ind1=" " ind2=" ">
      <subfield code="a">M1090 SERIES 19 MODEL 77, 78</subfield>
      <subfield code="w">ALPHANUM</subfield>
      <subfield code="c">1</subfield>
      <subfield code="i">36105116165775</subfield>
      <subfield code="l">MANUSCRIPT</subfield>
      <subfield code="m">SPEC-COLL</subfield>
      <subfield code="r">Y</subfield>
      <subfield code="s">Y</subfield>
      <subfield code="t">MANUSCRIPT</subfield>
      <subfield code="u">10/12/2009</subfield>
    </datafield>
    <datafield tag="999" ind1=" " ind2=" ">
      <subfield code="a">M1090 SERIES 19 MODEL 79</subfield>
      <subfield code="w">ALPHANUM</subfield>
      <subfield code="c">1</subfield>
      <subfield code="i">36105116166237</subfield>
      <subfield code="l">MANUSCRIPT</subfield>
      <subfield code="m">SPEC-COLL</subfield>
      <subfield code="r">Y</subfield>
      <subfield code="s">Y</subfield>
      <subfield code="t">MANUSCRIPT</subfield>
      <subfield code="u">10/12/2009</subfield>
    </datafield>
    <datafield tag="999" ind1=" " ind2=" ">
      <subfield code="a">M1090 SERIES 19 MODEL 80</subfield>
      <subfield code="w">ALPHANUM</subfield>
      <subfield code="c">1</subfield>
      <subfield code="i">36105116166153</subfield>
      <subfield code="l">MANUSCRIPT</subfield>
      <subfield code="m">SPEC-COLL</subfield>
      <subfield code="r">Y</subfield>
      <subfield code="s">Y</subfield>
      <subfield code="t">MANUSCRIPT</subfield>
      <subfield code="u">10/12/2009</subfield>
    </datafield>
    <datafield tag="999" ind1=" " ind2=" ">
      <subfield code="a">M1090 SERIES 19 MODEL 84</subfield>
      <subfield code="w">ALPHANUM</subfield>
      <subfield code="c">1</subfield>
      <subfield code="i">36105116166146</subfield>
      <subfield code="l">MANUSCRIPT</subfield>
      <subfield code="m">SPEC-COLL</subfield>
      <subfield code="r">Y</subfield>
      <subfield code="s">Y</subfield>
      <subfield code="t">MANUSCRIPT</subfield>
      <subfield code="u">10/12/2009</subfield>
    </datafield>
    <datafield tag="999" ind1=" " ind2=" ">
      <subfield code="a">M1090 SERIES 19 MODEL 87</subfield>
      <subfield code="w">ALPHANUM</subfield>
      <subfield code="c">1</subfield>
      <subfield code="i">36105116165833</subfield>
      <subfield code="l">MANUSCRIPT</subfield>
      <subfield code="m">SPEC-COLL</subfield>
      <subfield code="r">Y</subfield>
      <subfield code="s">Y</subfield>
      <subfield code="t">MANUSCRIPT</subfield>
      <subfield code="u">10/12/2009</subfield>
    </datafield>
    <datafield tag="999" ind1=" " ind2=" ">
      <subfield code="a">M1090 SERIES 19 MODEL 88, 89</subfield>
      <subfield code="w">ALPHANUM</subfield>
      <subfield code="c">1</subfield>
      <subfield code="i">36105116166161</subfield>
      <subfield code="l">MANUSCRIPT</subfield>
      <subfield code="m">SPEC-COLL</subfield>
      <subfield code="r">Y</subfield>
      <subfield code="s">Y</subfield>
      <subfield code="t">MANUSCRIPT</subfield>
      <subfield code="u">10/12/2009</subfield>
    </datafield>
    <datafield tag="999" ind1=" " ind2=" ">
      <subfield code="a">M1090 SERIES 19 MODEL 110</subfield>
      <subfield code="w">ALPHANUM</subfield>
      <subfield code="c">1</subfield>
      <subfield code="i">36105116166179</subfield>
      <subfield code="l">MANUSCRIPT</subfield>
      <subfield code="m">SPEC-COLL</subfield>
      <subfield code="r">Y</subfield>
      <subfield code="s">Y</subfield>
      <subfield code="t">MANUSCRIPT</subfield>
      <subfield code="u">10/12/2009</subfield>
    </datafield>
    <datafield tag="999" ind1=" " ind2=" ">
      <subfield code="a">M1090 SERIES 19 MODEL 116</subfield>
      <subfield code="w">ALPHANUM</subfield>
      <subfield code="c">1</subfield>
      <subfield code="i">36105116166138</subfield>
      <subfield code="l">MANUSCRIPT</subfield>
      <subfield code="m">SPEC-COLL</subfield>
      <subfield code="r">Y</subfield>
      <subfield code="s">Y</subfield>
      <subfield code="t">MANUSCRIPT</subfield>
      <subfield code="u">10/12/2009</subfield>
    </datafield>
    <datafield tag="999" ind1=" " ind2=" ">
      <subfield code="a">M1090 SERIES 19 MODEL 122</subfield>
      <subfield code="w">ALPHANUM</subfield>
      <subfield code="c">1</subfield>
      <subfield code="i">36105116165817</subfield>
      <subfield code="l">MANUSCRIPT</subfield>
      <subfield code="m">SPEC-COLL</subfield>
      <subfield code="r">Y</subfield>
      <subfield code="s">Y</subfield>
      <subfield code="t">MANUSCRIPT</subfield>
      <subfield code="u">10/12/2009</subfield>
    </datafield>
    <datafield tag="999" ind1=" " ind2=" ">
      <subfield code="a">M1090 SERIES 19 MODEL 124</subfield>
      <subfield code="w">ALPHANUM</subfield>
      <subfield code="c">1</subfield>
      <subfield code="i">36105116165783</subfield>
      <subfield code="l">MANUSCRIPT</subfield>
      <subfield code="m">SPEC-COLL</subfield>
      <subfield code="r">Y</subfield>
      <subfield code="s">Y</subfield>
      <subfield code="t">MANUSCRIPT</subfield>
      <subfield code="u">10/12/2009</subfield>
    </datafield>
    <datafield tag="999" ind1=" " ind2=" ">
      <subfield code="a">M1090 SERIES 19 MODEL 97, 98, 100, 101</subfield>
      <subfield code="w">ALPHANUM</subfield>
      <subfield code="c">1</subfield>
      <subfield code="i">36105116166195</subfield>
      <subfield code="l">MANUSCRIPT</subfield>
      <subfield code="m">SPEC-COLL</subfield>
      <subfield code="r">Y</subfield>
      <subfield code="s">Y</subfield>
      <subfield code="t">MANUSCRIPT</subfield>
      <subfield code="u">10/12/2009</subfield>
    </datafield>
    <datafield tag="999" ind1=" " ind2=" ">
      <subfield code="a">M1090 SERIES 19 MODEL 102, 103, 104</subfield>
      <subfield code="w">ALPHANUM</subfield>
      <subfield code="c">1</subfield>
      <subfield code="i">36105116166187</subfield>
      <subfield code="l">MANUSCRIPT</subfield>
      <subfield code="m">SPEC-COLL</subfield>
      <subfield code="r">Y</subfield>
      <subfield code="s">Y</subfield>
      <subfield code="t">MANUSCRIPT</subfield>
      <subfield code="u">10/12/2009</subfield>
    </datafield>
    <datafield tag="999" ind1=" " ind2=" ">
      <subfield code="a">M1090 SERIES 19 MODEL 127</subfield>
      <subfield code="w">ALPHANUM</subfield>
      <subfield code="c">1</subfield>
      <subfield code="i">36105116166245</subfield>
      <subfield code="l">MANUSCRIPT</subfield>
      <subfield code="m">SPEC-COLL</subfield>
      <subfield code="r">Y</subfield>
      <subfield code="s">Y</subfield>
      <subfield code="t">MANUSCRIPT</subfield>
      <subfield code="u">10/12/2009</subfield>
    </datafield>
    <datafield tag="999" ind1=" " ind2=" ">
      <subfield code="a">M1090 SERIES 19 MODEL 128</subfield>
      <subfield code="w">ALPHANUM</subfield>
      <subfield code="c">1</subfield>
      <subfield code="i">36105116166120</subfield>
      <subfield code="l">MANUSCRIPT</subfield>
      <subfield code="m">SPEC-COLL</subfield>
      <subfield code="r">Y</subfield>
      <subfield code="s">Y</subfield>
      <subfield code="t">MANUSCRIPT</subfield>
      <subfield code="u">10/12/2009</subfield>
    </datafield>
    <datafield tag="999" ind1=" " ind2=" ">
      <subfield code="a">M1090 SERIES 19 MODEL 129</subfield>
      <subfield code="w">ALPHANUM</subfield>
      <subfield code="c">1</subfield>
      <subfield code="i">36105116166211</subfield>
      <subfield code="l">MANUSCRIPT</subfield>
      <subfield code="m">SPEC-COLL</subfield>
      <subfield code="r">Y</subfield>
      <subfield code="s">Y</subfield>
      <subfield code="t">MANUSCRIPT</subfield>
      <subfield code="u">10/12/2009</subfield>
    </datafield>
    <datafield tag="999" ind1=" " ind2=" ">
      <subfield code="a">M1090 SERIES 2 FLAT BOX 568</subfield>
      <subfield code="w">ALPHANUM</subfield>
      <subfield code="c">1</subfield>
      <subfield code="i">36105115865367</subfield>
      <subfield code="l">MSS-30</subfield>
      <subfield code="m">SPEC-COLL</subfield>
      <subfield code="r">Y</subfield>
      <subfield code="s">Y</subfield>
      <subfield code="t">NONCIRC</subfield>
      <subfield code="u">6/18/2010</subfield>
    </datafield>
  </record>
</collection>